@Article{tidyverse,
    title = {Welcome to the {tidyverse}},
    author = {Hadley Wickham and Mara Averick and Jennifer Bryan and Winston Chang and Lucy D'Agostino McGowan and Romain Fran\c{c}ois and Garrett Grolemund and Alex Hayes and Lionel Henry and Jim Hester and Max Kuhn and Thomas Lin Pedersen and Evan Miller and Stephan Milton Bache and Kirill M{\"u}ller and Jeroen Ooms and David Robinson and Dana Paige Seidel and Vitalie Spinu and Kohske Takahashi and Davis Vaughan and Claus Wilke and Kara Woo and Hiroaki Yutani},
    year = {2019},
    journal = {Journal of Open Source Software},
    volume = {4},
    number = {43},
    pages = {1686},
    doi = {10.21105/joss.01686},
  }

 @Article{jsonlite,
    title = {The jsonlite Package: A Practical and Consistent Mapping Between JSON Data and R Objects},
    author = {Jeroen Ooms},
    journal = {arXiv:1403.2805 [stat.CO]},
    year = {2014},
    url = {https://arxiv.org/abs/1403.2805},
  }
  
@Manual{stringr,
    title = {stringr: Simple, Consistent Wrappers for Common String Operations},
    author = {Hadley Wickham},
    year = {2023},
    note = {R package version 1.5.1},
    url = {https://CRAN.R-project.org/package=stringr},
  } 
  
@INPROCEEDINGS{essentiamodels,
  author={Alonso-Jim√©nez, Pablo and Bogdanov, Dmitry and Pons, Jordi and Serra, Xavier},
  booktitle={ICASSP 2020 - 2020 IEEE International Conference on Acoustics, Speech and Signal Processing (ICASSP)}, 
  title={Tensorflow Audio Models in Essentia}, 
  year={2020},
  volume={},
  number={},
  pages={266-270},
  keywords={Deep learning;Analytical models;Computational modeling;Tagging;Libraries;Real-time systems;Python;music information retrieval;music tagging;deep learning;transfer learning;audio analysis software},
  doi={10.1109/ICASSP40776.2020.9054688}}
  
@inproceedings{essentia,
  title={Essentia: An audio analysis library for music information retrieval.},
  author={Bogdanov, Dmitry and Wack, Nicolas and G{\'o}mez, Emilia and Gulati, Sankalp and Herrera, Perfecto and Mayor, Oscar and Roma, Gerard and Salamon, Justin and Zapata, Jos{\'e} Ricardo and Serra, Xavier and others},
  booktitle={ISMIR},
  volume={13},
  pages={493--498},
  year={2013}
}
  
@article{LIWC,
  title={The development and psychometric properties of LIWC-22},
  author={Boyd, Ryan L and Ashokkumar, Ashwini and Seraj, Sarah and Pennebaker, James W},
  journal={Austin, TX: University of Texas at Austin},
  volume={10},
  pages={1--47},
  year={2022}
}